<?xml version="1.0" encoding="UTF-8"?><collection xmlns="http://www.loc.gov/MARC21/slim"><record><leader>00376nam--2200133-i-4500</leader><controlfield tag="001">000042322</controlfield><controlfield tag="002">20161230</controlfield><controlfield tag="005">20161230201043</controlfield><controlfield tag="008">060222s1000------------r-----000-0-eng-d</controlfield><datafield ind1=" " ind2=" " tag="080"><subfield code="a">620.182</subfield></datafield><datafield ind1=" " ind2=" " tag="100"><subfield code="a">Soullard,Jaques</subfield></datafield><datafield ind1=" " ind2=" " tag="245"><subfield code="a">Contribution a l`etude des defauts de structure dans le bioxie d`uranium. these</subfield></datafield><datafield ind1=" " ind2=" " tag="260"><subfield code="a">Poitiers, Faculte De Sc.,1976. 129 P</subfield></datafield><datafield ind1=" " ind2=" " tag="852"><subfield code="a">48449</subfield></datafield></record></collection>